@TECHREPORT{Stender2020-qi,
  title     = "Data set description: Three-phase {IGBT} two-level inverter for
               electrical drives",
  author    = "Stender, Marius and Wallscheid, Oliver and B{\"o}cker, Joachim",
  publisher = "Universit{\"a}t Paderborn",
  year      =  2020
}
@MISC{Stender_undated-rx,
  title    = "Inverter Data Set",
  author   = "Stender, Marius"
}

